
%Unsere:

@misc{alluri2021,
    title={Multimodal Analysis of memes for sentiment extraction}, 
    author={Nayan Varma Alluri and Neeli Dheeraj Krishna},
    year={2021},
    eprint={2112.11850},
    }

@article{wiggins2015,
  title={Memes as genre: A structurational analysis of the memescape},
  author={Wiggins, Bradley E and Bowers, G Bret},
  journal={New Media \& Society},
  volume={17},
  number={11},
  pages={1886--1906},
  year={2015},
  publisher={Sage Publications Sage UK: London, England}
}

@article{Osterroth2019,
  author = {Osterroth, Andreas},
  title = {{Internet-Memes als multimodale Sprechakte in öffentlichen Diskursen anhand von Beispielen aus Antwortthreads von @realDonaldTrump}},
  journal = {Linguistik Online},
  volume = {96},
  number = {6},
  pages = {75-93},
  year = {2019},
  url = {https://bop.unibe.ch/linguistik-online/article/view/6680/9565}
}

@misc{CainnD,
    title={Movie Barcodes: The colors of Pixar},
    author={Cain, Trysten},
    url={https://borrowingtape.com/the-cine-files/movie-barcodes-the-colors-of-pixar},
    year={n.d.},
    editor={borrowingtape.com},
    note={Last accessed: 09.03.2023},
    }

@misc{Chen2021,
    title={Making Video Into Barcode},
    url={https://medium.com/geekculture/making-videos-into-barcode-graphics-c84f30d6d1fd},
    author={Chen, Kaili},
    editor={medium.com},
    year={2021},
    note={Last accessed: 09.03.2023}
    }

    
@misc{Tyagi2019,
    title={Introduction to ORB (Oriented FAST and Rotated BRIEF},
    author= {Tyagi, Deepanshu},
    url= {https://medium.com/data-breach/introduction-to-orb-oriented-fast-and-rotated-brief-4220e8ec40cf},
    year= {2019},
    editor={Medium.com},
    note={Last accessed: 12.04.2023}
    }

@misc{Schels2020,
    title={Emotionen. Die Farben des Henri Matisse},
    author= {Schels, Evelyn},
    url={https://www.planet-wissen.de/gesellschaft/psychologie/emotionen_wegweiser_durchs_leben/farben-malerei-matisse-100.html},
    year={2020},
    editor={planet-wissen.de},
    note={Last accessed: 09.03.2023}
    }

    
@misc{Datta2020,
    title={All about Structural Similyrity Index (SSIM): Theory+ Code in PyTorch},
    author={Datta, Pranjal},
    url= {https://medium.com/srm-mic/all-about-structural-similarity-index-ssim-theory-code-in-pytorch-6551b455541e},
    editor={medium.com},
    year={2020},
    note={last accessed: 12.04.2023}
    }
@misc{Mallick2016,
    title={Histogram of Oriented Fradients explained using OpenCV},
    author={Mallick, Satya},
    url={https://learnopencv.com/histogram-of-oriented-gradients/},
    editor={learnopencv.com},
    year={2016},
    note={Last accessed: 12.04.2023}
    }
    
@misc{Ma2020,
    title= {NLP: How does NLTK.Vader Calculate Sentiment?},
    url= {https://medium.com/@mystery0116/nlp-how-does-nltk-vader-calculate-sentiment-6c32d0f5046b},
    author={Ying Ma},
    year= {2020},
    editor={medium.com},
    note={Last accessed: 12.04.2023}
    }
    
@misc{Luber2022,
    title={Was ist Part-of-Speech-Tagging (POS-Tagging)},
    url={https://www.bigdata-insider.de/was-ist-part-of-speech-tagging-pos-tagging-a-6a4b5d253a7e5a83ba1e4a48cadbc8cb/},
    author= {Luber, Stefan},
    year={21.07.2022},
    note={Last accessed: 12.04.2023}
    }
    
@misc{nltk2021,
    title= {Documentation. nltk.tag package},
    author={Bird, Steven and Loper, Edward and Klein, Ewan},
    url= {https://www.nltk.org/api/nltk.tag.html},
    year={2021},
    note={Last accessed: 14.04.2023}
    }

@article{Barnes2021,
    doi = {10.1007/s41109-021-00358-7},
    url = {https://doi.org/10.1007/s41109-021-00358-7},
    year = {2021},
    publisher = {Springer Science and Business Media {LLC}},
    volume = {6},
    number = {1},
    author = {Kate Barnes and Tiernon Riesenmy and Minh Duc Trinh and Eli Lleshi and N{\'{o}}ra Balogh and Roland Molontay},
    title = {Dank or not? Analyzing and predicting the popularity of memes on Reddit},
    journal = {Applied Network Science}
    }

@article{Bauckhage2021,
    doi = {10.1609/icwsm.v5i1.14097},
    url = {https://doi.org/10.1609/icwsm.v5i1.14097},
    year = {2021},
    month = aug,
    publisher = {Association for the Advancement of Artificial Intelligence ({AAAI})},
    volume = {5},
    number = {1},
    pages = {42--49},
    author = {Christian Bauckhage},
    title = {Insights into Internet Memes},
    journal = {Proceedings of the International {AAAI} Conference on Web and Social Media}
    }

@article{Laineste2017,
    doi = {10.7592/ejhr2016.4.4.laineste},
    url = {https://doi.org/10.7592/ejhr2016.4.4.laineste},
    year = {2017},
    month = jan,
    publisher = {Estonian Literary Museum of Scholarly Press},
    volume = {4},
    number = {4},
    pages = {26--49},
    author = {Liisi Laineste and Piret Voolaid},
    title = {Laughing across borders: Intertextuality of internet memes},
    journal = {The European Journal of Humour Research}
    }

@misc {Lanci2022,
    author= {Lanci, J.T.},
    editor= {{Veronais Art Blog}},
    title= {What is Classical Art?},
    url= {https://www.veronais.com/what-is-classical-art/},
    note= {Last accessed: 15.04.2023},
    year= {2022}
    }

@article{Piata2019,
    author = {Piata, Anna},
    year = {2019},
    month = {07},
    pages = {},
    title = {Stylistic humor across modalities: The case of Classical Art Memes},
    volume = {3},
    journal = {Internet Pragmatics},
    doi = {10.1075/ip.00031.pia}
    }

@mastersthesis{Raivio2016,
    title= {Classical Art Memes as an Affinity Space. A Faceted Classification of an Online Entertaiment Pag},
    author= {Raivio, Oskari},
    year={2016},
    school={Helsingfors universitet},
    url= {http://urn.fi/URN:NBN:fi:hulib-201609272794}
    }

@article{Vlachou2022,
  doi = {10.3390/info13100468},
  url = {https://doi.org/10.3390/info13100468},
  year = {2022},
  month = sep,
  publisher = {{MDPI} {AG}},
  volume = {13},
  number = {10},
  pages = {468},
  author = {Sofia Vlachou and Michail Panagopoulos},
  title = {An Examination of Classical Art Impact and Popularity through Social Media Emotion Analysis of Art Memes and Museum Posts},
  journal = {Information}
}


@misc{Imtiaz2020,
    title={A Beginners Guide To Tesseract OCR Using Pytesseract},
    url={https://levelup.gitconnected.com/a-beginners-guide-to-tesseract-ocr-using-pytesseract-23036f5b2211},
    author= {Imtiaz, Haider},
    year={28.12.2020},
    note={Last accessed: 07.04.2023}
    }
    
@misc{Luber2020,
    title={Was ist spaCy?},
    url={https://www.bigdata-insider.de/was-ist-spacy-a-980360/},
    author= {Luber, Stefan and Litzel, Nico},
    year={25.11.2020},
    note={Last accessed: 07.04.2023}
    }
    
@incollection{Wimmer2005,
  author    = {Gejza Wimmer},
  title     = {The type-token-relation},
  booktitle = {Quantitative Linguistik - Quantitative Linguistics. Ein internationales Handbuch},
  editor    = {Reinhard Köhler and Gabriel Altmann and Rajmund G. Piotrowski},
  publisher = {de Gruyter},
  address   = {Berlin/ New York},
  year      = {2005},
  pages     = {361--368},
  note      = {ISBN 9783110194142},
}

@article{McCarthy2010,
  author  = {McCarthy, Peter M. and Jarvis, Scott},
  title   = {{MTLD, vocd-D, and HD-D: A validation study of sophisticated approaches to lexical diversity assessment}},
  journal = {Behavior Research Methods},
  volume  = {42},
  number  = {2},
  pages   = {381--392},
  year    = {2010},
  doi     = {10.3758/BRM.42.2.381}
}


